<record><leader>00000cas a22000007a 4500</leader><controlfield tag="001">24473748</controlfield><controlfield tag="008">910930c19919999couwr ne      0   a0eng c</controlfield><datafield ind1=" " ind2=" " tag="010"><subfield code="a">sn 91052649 </subfield></datafield><datafield ind1=" " ind2=" " tag="040"><subfield code="a">CNQ</subfield><subfield code="b">eng</subfield><subfield code="c">CNQ</subfield><subfield code="d">NSD</subfield><subfield code="d">OCLCQ</subfield></datafield><datafield ind1=" " ind2=" " tag="012"><subfield code="m">1</subfield></datafield><datafield ind1="1" ind2=" " tag="022"><subfield code="a">1060-247X</subfield><subfield code="l">1060-247X</subfield><subfield code="2">1</subfield></datafield><datafield ind1=" " ind2=" " tag="032"><subfield code="a">007446</subfield><subfield code="b">USPS</subfield></datafield><datafield ind1=" " ind2=" " tag="037"><subfield code="b">The ABC Times, Box 521, Avon CO 81620</subfield></datafield><datafield ind1=" " ind2=" " tag="042"><subfield code="a">pcc</subfield><subfield code="a">nsdp</subfield></datafield><datafield ind1="0" ind2=" " tag="130"><subfield code="a">ABC times (Avon, Colo.)</subfield></datafield><datafield ind1=" " ind2="4" tag="222"><subfield code="a">The ABC times</subfield><subfield code="b">(Avon, Colo.)</subfield></datafield><datafield ind1="0" ind2="4" tag="245"><subfield code="a">The ABC times.</subfield></datafield><datafield ind1=" " ind2=" " tag="260"><subfield code="a">Avon, CO :</subfield><subfield code="b">C &amp; J Publications, Inc.,</subfield><subfield code="c">[1991-</subfield></datafield><datafield ind1=" " ind2=" " tag="300"><subfield code="a">v.</subfield></datafield><datafield ind1=" " ind2=" " tag="310"><subfield code="a">Weekly</subfield></datafield><datafield ind1="0" ind2=" " tag="362"><subfield code="a">Vol. 1, no. 1 (Aug. 28, 1991)-</subfield></datafield><datafield ind1=" " ind2=" " tag="500"><subfield code="a">"Serving Avon, Beaver Creek, the Vail Valley, and all of Eagle County."</subfield></datafield><datafield ind1=" " ind2=" " tag="515"><subfield code="a">Vol. 1, no. 12 (Nov. 13, 1991) misnumbered as vol. 10, no. 24.</subfield></datafield><datafield ind1=" " ind2=" " tag="530"><subfield code="a">Available on microfilm from the Colorado Historical Society.</subfield></datafield><datafield ind1=" " ind2=" " tag="752"><subfield code="a">United States</subfield><subfield code="b">Colorado</subfield><subfield code="c">Eagle</subfield><subfield code="d">Avon.</subfield></datafield><datafield ind1=" " ind2=" " tag="752"><subfield code="a">United States</subfield><subfield code="b">Colorado</subfield><subfield code="c">Eagle</subfield><subfield code="d">Beaver Creek.</subfield></datafield><datafield ind1=" " ind2=" " tag="752"><subfield code="a">United States</subfield><subfield code="b">Colorado</subfield><subfield code="c">Eagle</subfield><subfield code="d">Vail.</subfield></datafield><datafield ind1="0" ind2="0" tag="780"><subfield code="t">Avon-Beaver Creek times</subfield><subfield code="w">(DLC)sn 90051249</subfield><subfield code="w">(OCoLC)11310052</subfield></datafield><datafield ind1=" " ind2=" " tag="936"><subfield code="a">Vol. 1, no. 12 (Nov. 13, 1991) LIC</subfield></datafield></record>